<?xml version="1.0" encoding="UTF-8"?><collection xmlns="http://www.loc.gov/MARC21/slim"><record><leader>00568nam--2200169-u-4500</leader><controlfield tag="001">000056311</controlfield><controlfield tag="002">20161230</controlfield><controlfield tag="005">20161230201052</controlfield><controlfield tag="008">150416s1000------------r-----000-0-eng-d</controlfield><datafield ind1=" " ind2=" " tag="040"><subfield code="a">IFIN-HH</subfield></datafield><datafield ind1="1" ind2=" " tag="100"><subfield code="a">Oane, M</subfield></datafield><datafield ind1="1" ind2="0" tag="245"><subfield code="a">Notes on laser processing. laser processing in action: integral transform technique versus green function method</subfield><subfield code="c">Mihai oane, aaron peled, rares v. medianu</subfield></datafield><datafield ind1=" " ind2=" " tag="260"><subfield code="a">Saarbucken, Germany</subfield><subfield code="b">Lap Lambert Academic Publishing</subfield><subfield code="c">2013</subfield></datafield><datafield ind1=" " ind2=" " tag="300"><subfield code="a">74P</subfield></datafield><datafield ind1="1" ind2=" " tag="700"><subfield code="a">Medianu, Rares V</subfield></datafield><datafield ind1=" " ind2=" " tag="852"><subfield code="a">82395</subfield><subfield code="c">621.375.9</subfield></datafield><datafield ind1=" " ind2=" " tag="CAT"><subfield code="a">Sys</subfield><subfield code="c">20150610</subfield><subfield code="h">091310</subfield></datafield></record></collection>